 @article{marstrand_1954, title={The dimension of Cartesian product sets}, volume={50}, DOI={10.1017/s0305004100029236}, number={2}, journal={Mathematical Proceedings of the Cambridge Philosophical Society}, author={Marstrand, J. M.}, year={1954}, pages={198â€“202}} 
 
  @article{hatano_1971, title={Notes on Hausdorff dimensions of Cartesian product sets}, volume={1}, DOI={10.32917/hmj/1206138139}, number={1}, journal={Hiroshima Mathematical Journal}, author={Hatano, Kaoru}, year={1971}} 